<record><leader>00000cas a2200000 a 4500</leader><controlfield tag="001">18354206</controlfield><controlfield tag="007">hd afb---baca</controlfield><controlfield tag="007">hd bfb---baaa</controlfield><controlfield tag="008">880815d1964199udcudn nea     0   c0uzboc</controlfield><datafield ind1=" " ind2=" " tag="010"><subfield code="a">  2004225211</subfield></datafield><datafield ind1=" " ind2=" " tag="040"><subfield code="a">UIU</subfield><subfield code="b">eng</subfield><subfield code="c">UIU</subfield><subfield code="d">CRL</subfield><subfield code="d">HUL</subfield><subfield code="d">OCLCQ</subfield><subfield code="d">CRL</subfield><subfield code="d">DLC</subfield><subfield code="d">OCLCQ</subfield><subfield code="d">OCLCF</subfield><subfield code="d">OCLCO</subfield><subfield code="d">OCLCQ</subfield></datafield><datafield ind1=" " ind2=" " tag="042"><subfield code="a">pcc</subfield></datafield><datafield ind1=" " ind2=" " tag="043"><subfield code="a">a-uz---</subfield></datafield><datafield ind1="0" ind2="0" tag="050"><subfield code="a">Newspaper</subfield></datafield><datafield ind1="0" ind2="4" tag="082"><subfield code="a">079.587</subfield><subfield code="b">So89</subfield><subfield code="2">19</subfield></datafield><datafield ind1="0" ind2="0" tag="245"><subfield code="a">Sovet U&#774;zbekistoni /</subfield><subfield code="c">U&#774;zbekiston Kompartii&#65056;a&#65057;si Markazii&#774; Komiteti, U&#774;zbekiston SSR Olii&#774; Soveti va Ministrlar Sovetining organi.</subfield></datafield><datafield ind1="1" ind2="3" tag="246"><subfield code="a">Soviet Uzbekistoni</subfield></datafield><datafield ind1=" " ind2=" " tag="260"><subfield code="a">Toshkent :</subfield><subfield code="b">U&#774;zbekiston Kompartii&#65056;a&#65057;si</subfield></datafield><datafield ind1=" " ind2=" " tag="300"><subfield code="a">volumes :</subfield><subfield code="b">illustrations</subfield></datafield><datafield ind1=" " ind2=" " tag="310"><subfield code="a">Daily (except Monday and holidays)</subfield></datafield><datafield ind1=" " ind2=" " tag="336"><subfield code="a">text</subfield><subfield code="b">txt</subfield><subfield code="2">rdacontent</subfield></datafield><datafield ind1=" " ind2=" " tag="337"><subfield code="a">microform</subfield><subfield code="b">h</subfield><subfield code="2">rdamedia</subfield></datafield><datafield ind1=" " ind2=" " tag="338"><subfield code="a">microfilm reel</subfield><subfield code="b">hd</subfield><subfield code="2">rdacarrier</subfield></datafield><datafield ind1="1" ind2=" " tag="362"><subfield code="a">Began with June 5, 1964.</subfield><subfield code="z">Cf. Letopis&#697; periodicheskikh izdanii&#774; SSSR, 1961-1965. Ch. 2, Gazety; no. 4063.</subfield></datafield><datafield ind1=" " ind2=" " tag="515"><subfield code="a">Issues for &lt;1985-&gt; lack vol. numbering and numbered within the year.</subfield></datafield><datafield ind1=" " ind2=" " tag="588"><subfield code="a">Description based on: 47-i&#774;il, no. 1. (1 i&#65056;a&#65057;nv. 1965 i&#774;il) = no. 12,957.</subfield></datafield><datafield ind1=" " ind2=" " tag="588"><subfield code="a">Latest issue consulted: No. 21.036 (31 avg. 1991 i&#774;il).</subfield></datafield><datafield ind1=" " ind2=" " tag="533"><subfield code="a">Microfilm.</subfield><subfield code="b">Washington, D.C. :</subfield><subfield code="c">Library of Congress, Photoduplication Service.</subfield><subfield code="e">microfilm reels ; 35 mm.</subfield></datafield><datafield ind1=" " ind2="0" tag="651"><subfield code="a">Tashkent (Uzbekistan)</subfield><subfield code="v">Newspapers.</subfield></datafield><datafield ind1=" " ind2="7" tag="651"><subfield code="a">Uzbekistan</subfield><subfield code="z">Tashkent.</subfield><subfield code="2">fast</subfield><subfield code="0">(OCoLC)fst01207409</subfield></datafield><datafield ind1=" " ind2="7" tag="655"><subfield code="a">Newspapers.</subfield><subfield code="2">fast</subfield><subfield code="0">(OCoLC)fst01423814</subfield></datafield><datafield ind1="2" ind2=" " tag="710"><subfield code="a">U&#774;zbekiston kommunistik partii&#65056;a&#65057;si.</subfield><subfield code="b">Markazii&#774; komiteti.</subfield></datafield><datafield ind1="1" ind2=" " tag="710"><subfield code="a">Uzbek S.S.R.</subfield><subfield code="b">Olii&#774; Sovet.</subfield></datafield><datafield ind1="1" ind2=" " tag="710"><subfield code="a">Uzbek S.S.R.</subfield><subfield code="b">Ministrlar Soveti.</subfield></datafield><datafield ind1=" " ind2=" " tag="752"><subfield code="a">Uzbekistan.</subfield><subfield code="d">Tashkent.</subfield></datafield><datafield ind1="1" ind2=" " tag="776"><subfield code="c">Original</subfield><subfield code="w">(DLC)sn 90017335</subfield><subfield code="w">(OCoLC)22688115</subfield></datafield><datafield ind1="0" ind2="0" tag="780"><subfield code="t">Qizil U&#774;zbekiston</subfield><subfield code="w">(OCoLC)18354373</subfield></datafield></record>